<?xml version="1.0" encoding="UTF-8"?>
<marc:collection xmlns:marc="http://www.loc.gov/MARC21/slim" xmlns:xsi="http://www.w3.org/2001/XMLSchema-instance" xsi:schemaLocation="http://www.loc.gov/MARC21/slim http://www.loc.gov/standards/marcxml/schema/MARC21slim.xsd">
   <marc:record type="Bibliographic">
      <marc:leader>03402cam a2200493 a 4500</marc:leader>
      <marc:controlfield tag="001">800689</marc:controlfield>
      <marc:controlfield tag="003">NjP</marc:controlfield>
      <marc:controlfield tag="005">20161012172409.0</marc:controlfield>
      <marc:controlfield tag="008">930409s1911    le            000 0 ara d</marc:controlfield>
      <marc:datafield tag="024" ind1="7" ind2=" ">
         <marc:subfield code="a">princeton_aco001176</marc:subfield>
         <marc:subfield code="2">local</marc:subfield>
      </marc:datafield>
      <marc:datafield tag="035" ind1=" " ind2=" ">
         <marc:subfield code="a">(OCoLC)27983728</marc:subfield>
      </marc:datafield>
      <marc:datafield tag="035" ind1=" " ind2=" ">
         <marc:subfield code="a">(OCoLC)ocn176780462</marc:subfield>
      </marc:datafield>
      <marc:datafield tag="035" ind1=" " ind2=" ">
         <marc:subfield code="a">800689</marc:subfield>
      </marc:datafield>
      <marc:datafield tag="035" ind1=" " ind2=" ">
         <marc:subfield code="a">(OCoLC)176780462</marc:subfield>
      </marc:datafield>
      <marc:datafield tag="035" ind1=" " ind2=" ">
         <marc:subfield code="a">(CStRLIN)NJPG93-B20149</marc:subfield>
      </marc:datafield>
      <marc:datafield tag="035" ind1=" " ind2=" ">
         <marc:subfield code="9">ADX1758TS</marc:subfield>
      </marc:datafield>
      <marc:datafield tag="035" ind1=" " ind2=" ">
         <marc:subfield code="z">800689</marc:subfield>
      </marc:datafield>
      <marc:datafield tag="035" ind1=" " ind2=" ">
         <marc:subfield code="a">(NjP)800689</marc:subfield>
      </marc:datafield>
      <marc:datafield tag="040" ind1=" " ind2=" ">
         <marc:subfield code="a">NjP</marc:subfield>
         <marc:subfield code="c">PUL</marc:subfield>
         <marc:subfield code="d">PUL</marc:subfield>
      </marc:datafield>
      <marc:datafield tag="049" ind1=" " ind2=" ">
         <marc:subfield code="a">PULL</marc:subfield>
      </marc:datafield>
      <marc:datafield tag="079" ind1=" " ind2=" ">
         <marc:subfield code="a">ocm27983728</marc:subfield>
      </marc:datafield>
      <marc:datafield tag="100" ind1="0" ind2=" ">
         <marc:subfield code="6">880-01</marc:subfield>
         <marc:subfield code="a">Jaʻfar al-Ṣādiq,</marc:subfield>
         <marc:subfield code="d">702?-765 or 766.</marc:subfield>
         <marc:subfield code="0">(uri)http://id.loc.gov/authorities/names/n84033098</marc:subfield>
      </marc:datafield>
      <marc:datafield tag="240" ind1="1" ind2="0">
         <marc:subfield code="6">880-02</marc:subfield>
         <marc:subfield code="a">Tawḥīd al-musammá al-Adilah ʻalá al-ḥikmah wa-al-taʻbīr wa-al-rad ʻalá al-qāʼilīn bi-al-ihmāl wa-munkrīn al-ʻamad</marc:subfield>
      </marc:datafield>
      <marc:datafield tag="245" ind1="1" ind2="0">
         <marc:subfield code="6">880-03</marc:subfield>
         <marc:subfield code="a">Kitāb al-tawḥīd al-musammá al-Adilah ʻalá al-ḥikmah wa-al-taʻbīr wa-al-rad ʻalá al-qāʼilīn bi-al-ihmāl wa-munkrīn al-ʻamad /</marc:subfield>
         <marc:subfield code="c">amlahu al-Imān Jaʻfar al-Ṣādiq ibn al-Imām Muḥammad al-Bāqir ibn al-Imām ʻAlī Zayn al-ʻĀbidīn ibn al-Imām al-Ḥasan al-shahīd ibn al-Imām ʻAlī ibn Abī Ṭālib al-Murṭadá ; ṣaḥḥaḥahu wa-ʻallaqa ḥawāshīhi wa-ṭabaʻahu ʻalá nafaqat Muḥammad ʻAbd al-Razzāq Ḥamzah.</marc:subfield>
      </marc:datafield>
      <marc:datafield tag="250" ind1=" " ind2=" ">
         <marc:subfield code="6">880-04</marc:subfield>
         <marc:subfield code="a">al-Ṭabʻah 2.</marc:subfield>
      </marc:datafield>
      <marc:datafield tag="260" ind1=" " ind2=" ">
         <marc:subfield code="6">880-05</marc:subfield>
         <marc:subfield code="a">[lebanon] :</marc:subfield>
         <marc:subfield code="b">Dār al-Salām,</marc:subfield>
         <marc:subfield code="c">1329 [1911 or 1912]</marc:subfield>
      </marc:datafield>
      <marc:datafield tag="300" ind1=" " ind2=" ">
         <marc:subfield code="a">176 p. ;</marc:subfield>
         <marc:subfield code="c">20 cm.</marc:subfield>
      </marc:datafield>
      <marc:datafield tag="650" ind1=" " ind2="0">
         <marc:subfield code="a">God (Islam)</marc:subfield>
         <marc:subfield code="0">(uri)http://id.loc.gov/authorities/subjects/sh85055570</marc:subfield>
      </marc:datafield>
      <marc:datafield tag="700" ind1="1" ind2=" ">
         <marc:subfield code="6">880-06</marc:subfield>
         <marc:subfield code="a">Ḥamzah, Muḥammad ʻAbd al-Razzāq.</marc:subfield>
      </marc:datafield>
      <marc:datafield tag="740" ind1="0" ind2=" ">
         <marc:subfield code="6">880-07</marc:subfield>
         <marc:subfield code="a">Tawḥīd al-musammá al-Adilah ʻalá al-ḥikmah wa-al-taʻbīr wa-al-rad ʻalá al-qāʼilīn bi-al-ihmāl wa-munkrīn al-ʻamad.</marc:subfield>
      </marc:datafield>
      <marc:datafield tag="740" ind1="0" ind2=" ">
         <marc:subfield code="6">880-08</marc:subfield>
         <marc:subfield code="a">Tawḥīd .</marc:subfield>
      </marc:datafield>
      <marc:datafield tag="740" ind1="0" ind2=" ">
         <marc:subfield code="6">880-09</marc:subfield>
         <marc:subfield code="a">Adilah ʻalá al-ḥikmah wa-al-taʻbīr wa-al-rad ʻalá al-qāʼilīn bi-al-ihmāl wa-munkrīn al-ʻamad.</marc:subfield>
      </marc:datafield>
      <marc:datafield tag="880" ind1="0" ind2=" ">
         <marc:subfield code="6">100-01/r</marc:subfield>
         <marc:subfield code="a">جعفر الصادق،</marc:subfield>
         <marc:subfield code="d">702?-765 or 766.</marc:subfield>
      </marc:datafield>
      <marc:datafield tag="880" ind1="1" ind2="0">
         <marc:subfield code="6">240-02/r</marc:subfield>
         <marc:subfield code="a">توحيد المسمى الادلة على الحكمة والتعبير والرد على القائلين بالاهمال ومنكرين العمد</marc:subfield>
      </marc:datafield>
      <marc:datafield tag="880" ind1="1" ind2="0">
         <marc:subfield code="6">245-03/r</marc:subfield>
         <marc:subfield code="a">كتاب التوحيد المسمى الادلة على الحكمة والتعبير والرد على القائلين بالاهمال ومنكرين العمد /</marc:subfield>
         <marc:subfield code="c">امله الامان جعفر الصادق بن الامام محمد الباقر بن الامام علي زين العابدين بن الامام الحسن الشهيد بن الامام علي بن ابي طالب المرطدى ؛ صححه وعلق حواشيه وطبعه على نفقة محمد عبد الرزاق حمزة.</marc:subfield>
      </marc:datafield>
      <marc:datafield tag="880" ind1=" " ind2=" ">
         <marc:subfield code="6">250-04/r</marc:subfield>
         <marc:subfield code="a">الطبعة 2.</marc:subfield>
      </marc:datafield>
      <marc:datafield tag="880" ind1=" " ind2=" ">
         <marc:subfield code="6">260-05/r</marc:subfield>
         <marc:subfield code="a">[لبنان] :</marc:subfield>
         <marc:subfield code="b">دار السلام،</marc:subfield>
         <marc:subfield code="c">1329 [1911 or 1912]</marc:subfield>
      </marc:datafield>
      <marc:datafield tag="880" ind1="1" ind2=" ">
         <marc:subfield code="6">700-06/r</marc:subfield>
         <marc:subfield code="a">حمزة، محمد عبد الرزاق.</marc:subfield>
      </marc:datafield>
      <marc:datafield tag="880" ind1="0" ind2=" ">
         <marc:subfield code="6">740-07/r</marc:subfield>
         <marc:subfield code="a">توحيد المسمى الادلة على الحكمة والتعبير والرد على القائلين بالاهمال ومنكرين العمد.</marc:subfield>
      </marc:datafield>
      <marc:datafield tag="880" ind1="0" ind2=" ">
         <marc:subfield code="6">740-08/r</marc:subfield>
         <marc:subfield code="a">توحيد .</marc:subfield>
      </marc:datafield>
      <marc:datafield tag="880" ind1="0" ind2=" ">
         <marc:subfield code="6">740-09/r</marc:subfield>
         <marc:subfield code="a">ادلة على الحكمة والتعبير والرد على القائلين بالاهمال ومنكرين العمد.</marc:subfield>
      </marc:datafield>
      <marc:datafield tag="911" ind1=" " ind2=" ">
         <marc:subfield code="a">19930422</marc:subfield>
      </marc:datafield>
      <marc:datafield tag="912" ind1=" " ind2=" ">
         <marc:subfield code="a">19930415000000.0</marc:subfield>
      </marc:datafield>
      <marc:datafield tag="998" ind1=" " ind2=" ">
         <marc:subfield code="a">04/15/93</marc:subfield>
         <marc:subfield code="s">9114</marc:subfield>
         <marc:subfield code="n">NjP</marc:subfield>
         <marc:subfield code="w">NJPG93B20149</marc:subfield>
         <marc:subfield code="d">04/09/93</marc:subfield>
         <marc:subfield code="c">JAB</marc:subfield>
         <marc:subfield code="b">JAB</marc:subfield>
         <marc:subfield code="i">930415</marc:subfield>
         <marc:subfield code="l">NJPG</marc:subfield>
      </marc:datafield>
      <marc:datafield tag="994" ind1=" " ind2=" ">
         <marc:subfield code="a">C0</marc:subfield>
         <marc:subfield code="b">PUL</marc:subfield>
      </marc:datafield>
      <marc:datafield tag="999" ind1=" " ind2=" ">
         <marc:subfield code="a">800689</marc:subfield>
      </marc:datafield>
   </marc:record>
</marc:collection>
